<record xmlns="http://www.loc.gov/MARC21/slim" xmlns:xsi="http://www.w3.org/2001/XMLSchema-instance" xsi:schemaLocation="http://www.loc.gov/MARC21/slim http://www.loc.gov/standards/marcxml/schema/MARC21slim.xsd"><leader>     nam a22        4500</leader><controlfield tag="001">3068146</controlfield><controlfield tag="003">NNC</controlfield><controlfield tag="006">m        d        </controlfield><controlfield tag="007">cr cn |||m|||a</controlfield><controlfield tag="008">150316s1950    iq a    ob    001 0 arar </controlfield><datafield ind1=" " ind2=" " tag="040"><subfield code="a">NNU</subfield><subfield code="b">eng</subfield><subfield code="e">rda</subfield><subfield code="c">NNU</subfield></datafield><datafield ind1="1" ind2=" " tag="100"><subfield code="6">880-01</subfield><subfield code="a">H&#803;amawi&#772;, Ah&#803;mad ibn Muh&#803;ammad,</subfield><subfield code="d">-1686 or 1687.</subfield></datafield><datafield ind1="1" ind2="3" tag="245"><subfield code="6">880-02</subfield><subfield code="a">al-Nafah&#803;a&#772;t al-maski&#772;yah fi&#772; s&#803;ina&#699;at al-furusi&#772;yah /</subfield><subfield code="c">ta&#700;li&#772;f Ah&#803;mad Ibn Muh&#803;ammad al-H&#803;amawi&#772; al-H&#803;anafi&#772; ; h&#803;aqqaqa wa-&#699;allaqa h&#803;awa&#772;shi&#772;h &#699;Abd al-satta&#772;r al-Qaraghu&#772;li&#772;.</subfield></datafield><datafield ind1=" " ind2=" " tag="260"><subfield code="6">880-03</subfield><subfield code="a">[Baghda&#772;d] :</subfield><subfield code="b">[publisher not identified],</subfield><subfield code="c">1950</subfield><subfield code="e">(Baghda&#772;d :</subfield><subfield code="f">Mat&#803;ba&#699;at al-Tafayyud)</subfield></datafield><datafield ind1=" " ind2=" " tag="300"><subfield code="a">online resource (109 pages) :</subfield><subfield code="b">illustrations</subfield></datafield><datafield ind1=" " ind2=" " tag="336"><subfield code="a">text</subfield><subfield code="2">rdacontent</subfield></datafield><datafield ind1=" " ind2=" " tag="337"><subfield code="a">computer</subfield><subfield code="2">rdamedia</subfield></datafield><datafield ind1=" " ind2=" " tag="338"><subfield code="a">online resource</subfield><subfield code="2">rdacarrier</subfield></datafield><datafield ind1=" " ind2=" " tag="500"><subfield code="a">In Arabic; romanized record.</subfield></datafield><datafield ind1=" " ind2=" " tag="500"><subfield code="a">Title on added t.p.: al-Nafahat al-miskiyya fi sina&#772;a&#772;t al-furu&#776;siyya, "The art of chivalry."</subfield></datafield><datafield ind1=" " ind2=" " tag="500"><subfield code="a">Part of the Arabic Collections Online (ACO) project, contributed by Columbia University Libraries.</subfield></datafield><datafield ind1=" " ind2=" " tag="504"><subfield code="a">Includes bibliographical references (pages 103-108) and indexes.</subfield></datafield><datafield ind1=" " ind2=" " tag="533"><subfield code="a">Electronic reproduction.</subfield><subfield code="b">New York, N.Y. :</subfield><subfield code="c">New York University,</subfield><subfield code="d">2015.</subfield><subfield code="5">NNU</subfield></datafield><datafield ind1=" " ind2="0" tag="650"><subfield code="a">Chivalry</subfield><subfield code="v">Early works to 1800.</subfield></datafield><datafield ind1=" " ind2="7" tag="650"><subfield code="a">Chivalry.</subfield><subfield code="2">fast</subfield><subfield code="0">(OCoLC)fst00858006</subfield></datafield><datafield ind1=" " ind2="7" tag="655"><subfield code="a">Early works.</subfield><subfield code="2">fast</subfield><subfield code="0">(OCoLC)fst01411636</subfield></datafield><datafield ind1="1" ind2=" " tag="700"><subfield code="6">880-04</subfield><subfield code="a">Qara&#772;ghu&#772;li&#772;, &#699;Abd al-Satta&#772;r,</subfield><subfield code="d">1906-1961.</subfield></datafield><datafield ind1="2" ind2=" " tag="710"><subfield code="a">Columbia University.</subfield><subfield code="b">Libraries.</subfield></datafield><datafield ind1="0" ind2=" " tag="730"><subfield code="a">Arabic Collections Online.</subfield></datafield><datafield ind1="0" ind2="8" tag="776"><subfield code="i">Print version:</subfield><subfield code="a">H&#803;amawi&#772;, Ah&#803;mad ibn Muh&#803;ammad, -1686 or 1687.</subfield><subfield code="t">al-Nafah&#803;a&#772;t al-maski&#772;yah fi&#772; s&#803;ina&#699;at al-furusi&#772;yah</subfield><subfield code="w">(NNC)3068146</subfield><subfield code="w">(DLC)   92856710 </subfield><subfield code="w">(OCoLC)29564153</subfield></datafield><datafield ind1="4" ind2="0" tag="856"><subfield code="u">http://hdl.handle.net/2333.1/wstqjsgr</subfield></datafield><datafield ind1="1" ind2=" " tag="880"><subfield code="6">100-01/r</subfield><subfield code="a">&#1581;&#1605;&#1608;&#1610;&#1548; &#1575;&#1581;&#1605;&#1583; &#1576;&#1606; &#1605;&#1581;&#1605;&#1583;&#1548;</subfield><subfield code="d">-1686 or 1687.</subfield></datafield><datafield ind1="1" ind2="2" tag="880"><subfield code="6">245-02/r</subfield><subfield code="a">&#1575;&#1604;&#1606;&#1601;&#1581;&#1575;&#1578; &#1575;&#1604;&#1605;&#1587;&#1603;&#1610;&#1577; &#1601;&#1610; &#1589;&#1606;&#1593;&#1577; &#1575;&#1604;&#1601;&#1585;&#1587;&#1610;&#1577; /</subfield><subfield code="c">&#1578;&#1571;&#1604;&#1610;&#1601; &#1575;&#1581;&#1605;&#1583; &#1575;&#1576;&#1606; &#1605;&#1581;&#1605;&#1583; &#1575;&#1604;&#1581;&#1605;&#1608;&#1610; &#1575;&#1604;&#1581;&#1606;&#1601;&#1610; &#1563; &#1581;&#1602;&#1602; &#1608;&#1593;&#1604;&#1602; &#1581;&#1608;&#1575;&#1588;&#1610;&#1607; &#1593;&#1576;&#1583; &#1575;&#1604;&#1587;&#1578;&#1575;&#1585; &#1575;&#1604;&#1602;&#1585;&#1594;&#1608;&#1604;&#1610;.</subfield></datafield><datafield ind1=" " ind2=" " tag="880"><subfield code="6">260-03/r</subfield><subfield code="a">[&#1576;&#1594;&#1583;&#1575;&#1583;] :</subfield><subfield code="b">[publisher not identified],</subfield><subfield code="c">1950</subfield><subfield code="e">(&#1576;&#1594;&#1583;&#1575;&#1583; :</subfield><subfield code="f">&#1605;&#1591;&#1576;&#1593;&#1577; &#1575;&#1604;&#1578;&#1601;&#1610;&#1583;)</subfield></datafield><datafield ind1="1" ind2=" " tag="880"><subfield code="6">700-04/r</subfield><subfield code="a">&#1602;&#1585;&#1575;&#1594;&#1608;&#1604;&#1610;&#1548; &#1593;&#1576;&#1583; &#1575;&#1604;&#1587;&#1578;&#1575;&#1585;&#1548;</subfield><subfield code="d">1906-1961.</subfield></datafield><datafield ind1=" " ind2=" " tag="959"><subfield code="a">NNU</subfield><subfield code="b">WEB</subfield><subfield code="c">GENI</subfield><subfield code="t">0</subfield><subfield code="m">Electronic access</subfield><subfield code="s">01</subfield></datafield><datafield ind1=" " ind2=" " tag="999"><subfield code="i">NNC_3068146</subfield><subfield code="o">(OCoLC)ocm29564153</subfield><subfield code="e">(ERROR-880)</subfield><subfield code="s">columbia_aco000393</subfield></datafield></record>